@article{article,
author = {Ospennikova, Elena and Ershov, Michael and Iljin, Ivan},
year = {2015},
month = {12},
pages = {18-26},
title = {Educational Robotics as an Inovative Educational Technology},
volume = {214},
journal = {Procedia - Social and Behavioral Sciences},
doi = {10.1016/j.sbspro.2015.11.588}
}

@inproceedings{10.1007/978-3-030-18141-3_1,
author="Sch{\"o}n, Sandra
and Ebner, Martin
and Grandl, Maria",
editor="Moro, Michele
and Alimisis, Dimitris
and Iocchi, Luca",
title="Designing a Makerspace for Children -- Let's Do It",
booktitle="Educational Robotics in the Context of the Maker Movement",
year="2020",
publisher="Springer International Publishing",
address="Cham",
pages="3--15",
abstract="When makerspaces are designed for children, special motivation and reasoning needs to be made. Within this article, we describe a case study: A temporary four-day open makerspace for about 40 children per day. Motivation, considerations and the development process as well as the actual realization are described and discussed. We comment on how such a space for children and adolescents should be arranged for future studies. As described, considerations in terms of participation, peer tutoring and gender mainstreaming influence the design of the space, the methods used, as well as the general setting.",
isbn="978-3-030-18141-3"
}

@inproceedings{inproceedings,
author = {Gökçearslan, Şahin},
year = {2018},
month = {02},
pages = {52},
title = {Robotics Education},
note = "[En-línea]. Disponible en https://www.researchgate.net/publication/323200055\_Robotics\_Education"
}

@article{vagina  ,
author = {Ryadchikov, Igor},
year = {2018},
month = {11},
pages = {588-593},
title = {Systematic School Robotics Education},
doi = {10.15405/epsbs.2018.11.02.66}
}

@article{pene,
author = {Pittí, Kathia and Moreno, Iveth and Muñoz, Lilia and Serracín Pittí, José Rolando and Quintero, Jacqueline and Quiel, Juan},
year = {2012},
month = {01},
pages = {74-90},
title = {La robótica educativa, una herramienta para la enseñanza-aprendizaje de las ciencias y las tecnologías.},
volume = {13},
journal = {Revista Teoría de la Educación: Educación y Cultura en la Sociedad de la Información}
}

@article{robotica,
author = {García, Ricardo},
year = {2016},
title = {Significado de Robótica (Qué es, Concepto y Definición).},
note = "[En-línea]. Disponible en https://www.significados.com/robotica/"
}

@article{educacion,
author = {Sánchez, Adriana},
year = {2019},
title = {Significado de Educación},
note = "[En-línea]. Disponible en https://conceptodedefinicion.de/educacion/"
}

@article{AI,
author = {Alain, Chas},
year = {2019},
title = {Definición de robótica educativa |Trabaja con Lego Education.},
note = "[En-línea]. Disponible en https://edukative.es/definicion-robotica-educativa/"
}

@article{algoritmo,
author = {Pérez, Julián and Merino, María},
year = {2019},
title = {Definición de algoritmo (Qué es, Significado y Concepto).},
note = "[En-línea]. Disponible en https://definicion.de/algoritmo/"
}

@article{teceducativa,
author = {Pérez, Julián and Merino, María},
year = {2019},
title = {Definición de tecnología educativa (Qué es, Significado y Concepto).},
note = "[En-línea]. Disponible en https://definicion.de/tecnologia-educativa/"
}

@article{robotsasperson,
author = {Reiss, Michael},
year = {2020},
month = {05},
pages = {},
title = {Robots as persons? Implications for moral education},
journal = {Journal of Moral Education},
doi = {10.1080/03057240.2020.1763933}
}

@article{impactorobotica,
author = {Abad, Edison},
year = {2015},
title = {Robotica avances actuales},
note = "[En-línea]. Disponible en https://www.monografias.com/trabajos104/robotica-avances-actuales/robotica-avances-actuales.shtml"
}

@book{book,
author = {Arias Odón, Fidias},
year = {2012},
month = {07},
pages = {},
title = {EL PROYECTO DE INVESTIGACIÓN 6a EDICIÓN},
isbn = {980-07-8529-9}
}

@article{instrumentos,
author = {Castillo, Isabel},
year = {2018},
title = {5 Instrumentos de Investigación Documental},
note = "[En-línea]. Disponible en https://www.lifeder.com/instrumentos-investigacion-documental/"
}


@article{analisis,
author = {Rubio, María},
year = {2017},
title = {El Análisis Documental: Indización Y Resumen en Bases de Datos Especializados},
}